<?xml version='1.0' encoding='utf-8'?>
<AuditFile xmlns="urn:OECD:StandardAuditFile-Tax:AO_1.01_01"><Header><AuditFileVersion>1.01_01</AuditFileVersion><CompanyID>5001304461</CompanyID><TaxRegistrationNumber>5001304461</TaxRegistrationNumber><TaxAccountingBasis>F</TaxAccountingBasis><CompanyName>NEWAY AQADC (SU), LDA</CompanyName><BusinessName>NEWAY AQADC (SU), LDA</BusinessName><CompanyAddress><AddressDetail>SDFGHJKLÇ</AddressDetail><City>ESDFGHN</City><PostalCode>000000</PostalCode><Country>AO</Country></CompanyAddress><FiscalYear>2025</FiscalYear><StartDate>2025-09-30</StartDate><EndDate>2025-11-13</EndDate><CurrencyCode>AOA</CurrencyCode><DateCreated>2025-11-12</DateCreated><TimeCreated>09:16:02</TimeCreated><ProductID>VistoGest ERP</ProductID><ProductVersion>1.0.0</ProductVersion></Header><MasterFiles><GeneralLedgerAccounts><Account><AccountID>1</AccountID><AccountDescription>Ativos</AccountDescription><StandardAccountID>1</StandardAccountID><AccountType>ATIVO</AccountType></Account><Account><AccountID>1.1</AccountID><AccountDescription>Ativo Circulante</AccountDescription><StandardAccountID>1.1</StandardAccountID><AccountType>ATIVO</AccountType></Account><Account><AccountID>1.1.1</AccountID><AccountDescription>Caixa</AccountDescription><StandardAccountID>1.1.1</StandardAccountID><AccountType>ATIVO</AccountType></Account><Account><AccountID>1.1.2</AccountID><AccountDescription>Bancos</AccountDescription><StandardAccountID>1.1.2</StandardAccountID><AccountType>ATIVO</AccountType></Account><Account><AccountID>1.1.3</AccountID><AccountDescription>Clientes</AccountDescription><StandardAccountID>1.1.3</StandardAccountID><AccountType>ATIVO</AccountType></Account><Account><AccountID>2</AccountID><AccountDescription>Passivos</AccountDescription><StandardAccountID>2</StandardAccountID><AccountType>PASSIVO</AccountType></Account><Account><AccountID>2.1</AccountID><AccountDescription>Passivo Circulante</AccountDescription><StandardAccountID>2.1</StandardAccountID><AccountType>PASSIVO</AccountType></Account><Account><AccountID>2.1.1</AccountID><AccountDescription>Fornecedores</AccountDescription><StandardAccountID>2.1.1</StandardAccountID><AccountType>PASSIVO</AccountType></Account><Account><AccountID>2.1.2</AccountID><AccountDescription>Salários a Pagar</AccountDescription><StandardAccountID>2.1.2</StandardAccountID><AccountType>PASSIVO</AccountType></Account><Account><AccountID>3</AccountID><AccountDescription>Patrimônio Líquido</AccountDescription><StandardAccountID>3</StandardAccountID><AccountType>PATRIMONIO</AccountType></Account><Account><AccountID>3.1</AccountID><AccountDescription>Capital Social</AccountDescription><StandardAccountID>3.1</StandardAccountID><AccountType>PATRIMONIO</AccountType></Account><Account><AccountID>4</AccountID><AccountDescription>Receitas</AccountDescription><StandardAccountID>4</StandardAccountID><AccountType>RECEITA</AccountType></Account><Account><AccountID>4.1</AccountID><AccountDescription>Receitas Operacionais</AccountDescription><StandardAccountID>4.1</StandardAccountID><AccountType>RECEITA</AccountType></Account><Account><AccountID>4.1.1</AccountID><AccountDescription>Receita de Vendas</AccountDescription><StandardAccountID>4.1.1</StandardAccountID><AccountType>RECEITA</AccountType></Account><Account><AccountID>5</AccountID><AccountDescription>Despesas</AccountDescription><StandardAccountID>5</StandardAccountID><AccountType>DESPESA</AccountType></Account><Account><AccountID>5.1</AccountID><AccountDescription>Despesas Operacionais</AccountDescription><StandardAccountID>5.1</StandardAccountID><AccountType>DESPESA</AccountType></Account><Account><AccountID>5.1.1</AccountID><AccountDescription>Despesas Administrativas</AccountDescription><StandardAccountID>5.1.1</StandardAccountID><AccountType>DESPESA</AccountType></Account><Account><AccountID>5.1.2</AccountID><AccountDescription>Despesas com Vendas</AccountDescription><StandardAccountID>5.1.2</StandardAccountID><AccountType>DESPESA</AccountType></Account></GeneralLedgerAccounts><TaxTable><TaxTableEntry><TaxType>IS</TaxType><TaxCode>ISE</TaxCode><Description>Sem IVA</Description><TaxExemptionCode>M01</TaxExemptionCode></TaxTableEntry></TaxTable></MasterFiles><SourceDocuments><SalesInvoices><Invoice><InvoiceNo>FR NEWA1/001/2025</InvoiceNo><InvoiceType>FT</InvoiceType><InvoiceDate>2025-11-11</InvoiceDate><CustomerID>999999990</CustomerID><Line><LineNumber>1</LineNumber><ProductCode>101</ProductCode><ProductDescription>Multivitamina</ProductDescription><Quantity>1</Quantity><UnitPrice>1500.00</UnitPrice><CreditAmount>1500.00</CreditAmount><TaxType>IS</TaxType><TaxCode>ISE</TaxCode><TaxPercentage>0.00</TaxPercentage></Line><DocumentTotals><TaxPayable>0.00</TaxPayable><NetTotal>1500.00</NetTotal><GrossTotal>1500.00</GrossTotal></DocumentTotals></Invoice><NumberOfEntries>1</NumberOfEntries><TotalDebit>0.00</TotalDebit><TotalCredit>1500.00</TotalCredit></SalesInvoices></SourceDocuments></AuditFile>